<?xml version="1.0" encoding="UTF-8"?>
<collection xmlns:xsi="http://www.w3.org/2001/XMLSchema-instance" xsi:schemaLocation="http://www.loc.gov/MARC21/slim http://www.loc.gov/standards/marcxml/schema/MARC21slim.xsd" xmlns="http://www.loc.gov/MARC21/slim">
<record>
  <leader>00789cam a22002051  4500</leader>
  <controlfield tag="001">3068416</controlfield>
  <controlfield tag="003">NNC</controlfield>
  <controlfield tag="005">20151019143158.0</controlfield>
  <controlfield tag="008">010820s193u    ua            000 0 ara d</controlfield>
  <datafield tag="035" ind1=" " ind2=" ">
    <subfield code="a">(OCoLC)ocm47808942</subfield>
  </datafield>
  <datafield tag="035" ind1=" " ind2=" ">
    <subfield code="9">ATP0871CU</subfield>
  </datafield>
  <datafield tag="035" ind1=" " ind2=" ">
    <subfield code="a">(NNC)3068416</subfield>
  </datafield>
  <datafield tag="040" ind1=" " ind2=" ">
    <subfield code="a">ZCU</subfield>
    <subfield code="c">ZCU</subfield>
  </datafield>
  <datafield tag="099" ind1=" " ind2=" ">
    <subfield code="a">893.7B96</subfield>
    <subfield code="a">O53</subfield>
  </datafield>
  <datafield tag="100" ind1="1" ind2=" ">
    <subfield code="a">Būṣīrī, Sharaf al-Dīn Muḥammad ibn Saʻīd,</subfield>
    <subfield code="d">1213?-1296?</subfield>
  </datafield>
  <datafield tag="240" ind1="1" ind2="0">
    <subfield code="a">Works.</subfield>
    <subfield code="k">Selections</subfield>
  </datafield>
  <datafield tag="245" ind1="1" ind2="0">
    <subfield code="a">Matn al-Burdah;</subfield>
    <subfield code="b">wa-al-Qasīdah al-Muḍarīyah wa-munājātuhā ; wa-al-Qaṣīdah al-Muḥammadīyah, lil-Būṣīrī. Wa-yalīhā: Takhmīs al-istighāthah al-mashhūrah li-tafrīj al-kurūb, lil-sayyid Ibrāhīm al-Sanūsī.</subfield>
  </datafield>
  <datafield tag="260" ind1=" " ind2=" ">
    <subfield code="a">[al-Qāhirah]</subfield>
    <subfield code="b">Maṭb. al-Futūḥ</subfield>
    <subfield code="c">[193-?]</subfield>
  </datafield>
  <datafield tag="300" ind1=" " ind2=" ">
    <subfield code="a">48 p.</subfield>
  </datafield>
  <datafield tag="955" ind1=" " ind2=" ">
    <subfield code="b">CU07815212</subfield>
    <subfield code="d">off,glx</subfield>
    <subfield code="e">893.7B96 O53</subfield>
  </datafield>
</record>
</collection>